@online{url_playmusic_home,
	title        = {Google Play Music weboldala},
	url          = {https://play.google.com/music/listen},
	organization = {},
	urldate      = {2018-03-16},
	keywords     = {},
}

@online{url_spotify_home,
	title        = {Spotify weboldala},
	url          = {https://www.spotify.com},
	urldate      = {2018-03-16},
}

@online{url_shazam_home,
	title        = {Shazam weboldala},
	url          = {https://www.shazam.com/},
	urldate      = {2018-03-21},
}

@online{url_spotify_discover_weekly,
	title        = {Spotify's Discover Weekly: How machine learning finds your new music},
	url          = {https://hackernoon.com/spotifys-discover-weekly-how-machine-learning-finds-your-new-music-19a41ab76efe},
	author       = {Sophia Ciocca},
	urldate      = {2018-03-16},
}

@online{url_spotify_discover_weekly_slides,
	title        = {From Idea to Execution: Spotify's Discover Weekly},
	url          = {https://www.slideshare.net/MrChrisJohnson/from-idea-to-execution-spotifys-discover-weekly/36-normalized_itemvectorsSongs_in_a_Latent},
	author       = {Chris Johnson},
	urldate      = {2018-03-16},
}

@online{url_spotify_deep_learning,
	title        = {Recommending music on Spotify with deep learning},
	url          = {http://benanne.github.io/2014/08/05/spotify-cnns.html},
	author       = {Sander Dieleman},
	urldate      = {2018-03-16},
	year         = {2014},
}

@inproceedings{wang2003industrial,
  title={An Industrial Strength Audio Search Algorithm.},
  author={Avery Li-Chun Wang},
  booktitle={Ismir},
  volume={2003},
  pages={7--13},
  year={2003},
  organization={Washington, DC}
}

@book{guide_to_digital_signal_processing,
    Title = {The Scientist and Engineer's Guide to Digital Signal Processing},
    Author = {Steven W. Smith},
    Publisher = {California Technical Publishing},
    Address = {San Diego},
    Year = {1997}
}

@book{algterv,
    Title = {Algoritmusok tervezése és elemzése jegyzet},
    Author = {Szabó László},
    Url = {http://people.inf.elte.hu/szabolaszlo/AlgTervSyllabus.pdf},
	urldate      = {2018-03-29}
}

@online{url_hangtan,
	title        = {Hangtani alapismeretek 1. fejezet - A HANGTECHNIKA ALAPJAI},
	url          = {http://elte.prompt.hu/sites/default/files/tananyagok/ElektronikusMediatartalmak/ch01s02.html},
	author       = {Szabó Sóki László},
	urldate      = {2018-03-16},
	year         = {2013},
}

@online{nyquist,
	title        = {Nyquist's Sampling Theorem},
	url          = {https://users.cs.cf.ac.uk/Dave.Marshall/Multimedia/node149.html},
	author       = {Dave Marshall},
	urldate      = {2018-03-29},
	year         = {2001}
}

@book{book_deeplearning,
    title={Deep Learning},
    author={Ian Goodfellow and Yoshua Bengio and Aaron Courville},
    publisher={MIT Press},
    note={\url{http://www.deeplearningbook.org}},
    year={2016}
}

@article{perceptron_rosenblatt,
  title={The perceptron: a probabilistic model for information storage and organization in the brain.},
  author={Rosenblatt, Frank},
  journal={Psychological review},
  volume={65},
  number={6},
  pages={386},
  year={1958},
  publisher={American Psychological Association}
}

@book{nn_and_deeplearning,
    title={Neural Networks and Deep Learning},
    author={Michael A. Nielsen},
    publisher={Determination Press},
    note={\url{http://www.deeplearningbook.org}},
    year={2015}
}

@online{coursera_ng_machine_learning,
	title        = {Machine learning},
	url          = {https://www.coursera.org/learn/machine-learning},
	author       = {Andrew Ng},
	urldate      = {2018-03-17},
	organization = {Stanford University}
}

@online{cs231n,
	title        = {CS231n Convolutional Neural Networks for Visual Recognition},
	url          = {http://cs231n.github.io/},
	author       = {Andrej Karpathy},
	urldate      = {2018-03-17},
	organization = {Stanford University},
	year         = {2017}
}

@article{article_backprop,
  title={Learning representations by back-propagating errors},
  author={Rumelhart, David E and Hinton, Geoffrey E and Williams, Ronald J},
  journal={nature},
  volume={323},
  number={6088},
  pages={533},
  year={1986},
  publisher={Nature Publishing Group}
}

@incollection{efficient_backprop,
  title={Efficient backprop},
  author={LeCun, Yann and Bottou, L{\'e}on and Orr, Genevieve B and M{\"u}ller, Klaus-Robert},
  booktitle={Neural networks: Tricks of the trade},
  pages={9--50},
  year={1998},
  publisher={Springer}
}

@inproceedings{relu_hinton,
  title={Rectified linear units improve restricted boltzmann machines},
  author={Nair, Vinod and Hinton, Geoffrey E},
  booktitle={Proceedings of the 27th international conference on machine learning (ICML-10)},
  pages={807--814},
  year={2010}
}

@article{elu,
  title={Fast and accurate deep network learning by exponential linear units (elus)},
  author={Clevert, Djork-Arn{\'e} and Unterthiner, Thomas and Hochreiter, Sepp},
  journal={arXiv preprint arXiv:1511.07289},
  year={2015}
}

@inproceedings{understanding_dropout,
  title={Understanding dropout},
  author={Baldi, Pierre and Sadowski, Peter J},
  booktitle={Advances in neural information processing systems},
  pages={2814--2822},
  year={2013}
}

@article{hinton_dropout,
  title={Improving neural networks by preventing co-adaptation of feature detectors},
  author={Hinton, Geoffrey E and Srivastava, Nitish and Krizhevsky, Alex and Sutskever, Ilya and Salakhutdinov, Ruslan R},
  journal={arXiv preprint arXiv:1207.0580},
  year={2012}
}

@article{hinton_semantic_hashing,
  title={Semantic hashing},
  author={Salakhutdinov, Ruslan and Hinton, Geoffrey},
  journal={International Journal of Approximate Reasoning},
  volume={50},
  number={7},
  pages={969--978},
  year={2009},
  publisher={Elsevier}
}

@inproceedings{hinton_autoencoder_image_retrieval,
  title={Using very deep autoencoders for content-based image retrieval.},
  author={Krizhevsky, Alex and Hinton, Geoffrey E},
  booktitle={ESANN},
  year={2011}
}

@online{stanford_autoencoders,
	title        = {Autoencoders},
	url          = {http://ufldl.stanford.edu/tutorial/unsupervised/Autoencoders/},
	urldate      = {2018-03-21},
	organization = {Stanford University},
}

@inproceedings{mir,
  title={Music information retrieval},
  author={Downie, J. Stephen},
  url={http://music-ir.org/downie_mir_arist37.pdf},
  year={2003},
  journal={Annual Review of Information Science and Technology 37},
  pages={295--340}
}

@inproceedings{mir_2,
  title={Music Information Retrieval: Recent Developments and Applications},
  author={M. Schedl , E. Gómez and J. Urbano},
  url={http://www.cp.jku.at/people/schedl/Research/Publications/pdf/schedl_fntir_2014.pdf},
  year={2014},
  journal={Foundations and Trends in Information Retrieval},
  pages={127--261}
}